@online{IEEE,
    author          = {Institute of Electrical and Electronics Engineers},
    title           = {IEEE 802.15.1-2002 - IEEE Standard for Telecommunications and Information Exchange Between Systems - LAN/MAN - Specific Requirements - Part 15: Wireless Medium Access Control (MAC) and Physical Layer (PHY) Specifications for Wireless Personal Area Networks (WPANs)},
    url             = {https://standards.ieee.org/standard/802_15_1-2002.html},
    urldate         = {2021-06-28}
}

@online{BtRangeTool,
    author          = {Bluetooth Special Interest Group},
    title           = {The Bluetooth Range Estimator},
    url             = {https://www.bluetooth.com/learn-about-bluetooth/key-attributes/range/},
    urldate         = {2021-06-28}
}

@inbook{BtSpec4.0_124,
    author          = {Bluetooth Special Interest Group},
    title           = {Bluetooth Specification Version 4.0},
    volume          = {Vol 1},
    date            = {2010-06-30},
    chapter         = {Part A, 1.1 Overview of BR/EDR Operation},
    pages           = {S. 18 (PDF S. 124)},
    url             = {https://www.bluetooth.com/specifications/specs/core-specification-4-0/}
}

@inbook{BtSpec4.0_126,
    author          = {Bluetooth Special Interest Group},
    title           = {Bluetooth Specification Version 4.0},
    volume          = {Vol 1},
    date            = {2010-06-30},
    chapter         = {Part A, 1.2 Overview of Bluetooth Low Energy Operation},
    pages           = {S. 20 (PDF S. 126)},
    url             = {https://www.bluetooth.com/specifications/specs/core-specification-4-0/}
}

@inbook{BtSpec4.0_123,
    author          = {Bluetooth Special Interest Group},
    title           = {Bluetooth Specification Version 4.0},
    volume          = {Vol 1},
    date            = {2010-06-30},
    chapter         = {Part A, 1 General Description},
    pages           = {S. 17 (PDF S. 123)},
    url             = {https://www.bluetooth.com/specifications/specs/core-specification-4-0/}
}

@inbook{BtSpec5.2_187,
    author          = {Bluetooth Special Interest Group},
    title           = {Bluetooth Core Specification Version 5.2},
    volume          = {Vol 1},
    date            = {2019-12-31},
    chapter         = {Part A, 1 General Description},
    pages           = {S. 187 (PDF S. 187)},
    url             = {https://www.bluetooth.com/specifications/specs/core-specification/}
}

@inbook{BtSpec5.2_188,
    author          = {Bluetooth Special Interest Group},
    title           = {Bluetooth Core Specification Version 5.2},
    volume          = {Vol 1},
    date            = {2019-12-31},
    chapter         = {Part A, 1.1 Overview of BR/EDR Operation},
    pages           = {S. 188 (PDF S. 188)},
    url             = {https://www.bluetooth.com/specifications/specs/core-specification/}
}

@inbook{BtSpec5.2_190,
    author          = {Bluetooth Special Interest Group},
    title           = {Bluetooth Core Specification Version 5.2},
    volume          = {Vol 1},
    date            = {2019-12-31},
    chapter         = {Part A, 1.2 Overview of Bluetooth Low Energy Operation},
    pages           = {S. 190 (PDF S. 190)},
    url             = {https://www.bluetooth.com/specifications/specs/core-specification/}
}

@online{BtAfh,
    author          = {Bluetooth Special Interest Group},
    title           = {How Bluetooth Technology Uses Adaptive Frequency Hopping to Overcome Packet Interference},
    url             = {how-bluetooth-technology-uses-adaptive-frequency-hopping-to-overcome-packet-interference/},
    urldate         = {2021-06-28}
}

@inbook{BtSpec4.0_2180-2181,
    author          = {Bluetooth Special Interest Group},
    title           = {Bluetooth Specification Version 4.0},
    volume          = {Vol 6},
    date            = {2010-06-30},
    chapter         = {Part A, 2 Frequency Bands and Channel Arrangement},
    pages           = {S. 16--17 (PDF S. 2180--2181)},
    url             = {https://www.bluetooth.com/specifications/specs/core-specification-4-0/}
}

@inbook{BtSpec4.0_2199,
    author          = {Bluetooth Special Interest Group},
    title           = {Bluetooth Specification Version 4.0},
    volume          = {Vol 6},
    date            = {2010-06-30},
    chapter         = {Part B, 1.4.1 Advertising and Data Channel Indexes},
    pages           = {S. 35 (PDF S. 2199)},
    url             = {https://www.bluetooth.com/specifications/specs/core-specification-4-0/}
}

@inbook{BtSpec4.0_2217-2218,
    author          = {Bluetooth Special Interest Group},
    title           = {Bluetooth Specification Version 4.0},
    volume          = {Vol 6},
    date            = {2010-06-30},
    chapter         = {Part B, 3.2 Data Whitening},
    pages           = {S. 53--54 (PDF S. 2217--2218)},
    url             = {https://www.bluetooth.com/specifications/specs/core-specification-4-0/}
}

@inbook{BtSpec4.0_2200-2201,
    author          = {Bluetooth Special Interest Group},
    title           = {Bluetooth Specification Version 4.0},
    volume          = {Vol 6},
    date            = {2010-06-30},
    chapter         = {Part B, 2.1 Packet Format},
    pages           = {S. 36--37 (PDF S. 2200--2201)},
    url             = {https://www.bluetooth.com/specifications/specs/core-specification-4-0/}
}

@inbook{BtSpec4.0_2201-2208,
    author          = {Bluetooth Special Interest Group},
    title           = {Bluetooth Specification Version 4.0},
    volume          = {Vol 6},
    date            = {2010-06-30},
    chapter         = {Part B, 2.3 Advertising Channel PDU},
    pages           = {S. 37--44 (PDF S. 2201--2208)},
    url             = {https://www.bluetooth.com/specifications/specs/core-specification-4-0/}
}

@inbook{BtSpec4.0_2208-2209,
    author          = {Bluetooth Special Interest Group},
    title           = {Bluetooth Specification Version 4.0},
    volume          = {Vol 6},
    date            = {2010-06-30},
    chapter         = {Part B, 2.4 Data Channel PDU},
    pages           = {S. 44--45 (PDF S. 2208--2209)},
    url             = {https://www.bluetooth.com/specifications/specs/core-specification-4-0/}
}

@inbook{BtSpec4.0_176-177,
    author          = {Bluetooth Special Interest Group},
    title           = {Bluetooth Specification Version 4.0},
    volume          = {Vol 1},
    date            = {2010-06-30},
    chapter         = {Part A, 3.5.5.2 LE Logical Links},
    pages           = {S. 70--71 (PDF S. 176--177)},
    url             = {https://www.bluetooth.com/specifications/specs/core-specification-4-0/}
}

@inbook{BtSpec4.0_2239-2241,
    author          = {Bluetooth Special Interest Group},
    title           = {Bluetooth Specification Version 4.0},
    volume          = {Vol 6},
    date            = {2010-06-30},
    chapter         = {Part B, 4.5.9 Acknowledgement and Flow Control},
    pages           = {S. 75--77 (PDF S. 2239--2241)},
    url             = {https://www.bluetooth.com/specifications/specs/core-specification-4-0/}
}

@inbook{BtSpec4.0_174-175,
    author          = {Bluetooth Special Interest Group},
    title           = {Bluetooth Specification Version 4.0},
    volume          = {Vol 1},
    date            = {2010-06-30},
    chapter         = {Part A, 3.5.4.6 LE Asynchronous Connection (LE ACL), 3.5.4.7 LE Advertising Broadcast (ADVB)},
    pages           = {S. 68--69 (PDF S. 174--175)},
    url             = {https://www.bluetooth.com/specifications/specs/core-specification-4-0/}
}

@inbook{BtSpec4.2_1735,
    author          = {Bluetooth Special Interest Group},
    title           = {Bluetooth Specification Version 4.2},
    volume          = {Vol 3},
    date            = {2014-12-02},
    chapter         = {Part A, 2.4 Modes of Operation},
    pages           = {S. 43 (PDF S. 1735)},
    url             = {https://www.bluetooth.com/specifications/specs/core-specification-4-2/}
}

@inbook{BtSpec4.0_1401,
    author          = {Bluetooth Special Interest Group},
    title           = {Bluetooth Specification Version 4.0},
    volume          = {Vol 3},
    date            = {2010-06-30},
    chapter         = {Part A, 2.4 Modes of Operation},
    pages           = {S. 41 (PDF S. 1401)},
    url             = {https://www.bluetooth.com/specifications/specs/core-specification-4-0/}
}

@inbook{BtSpec4.0_1638-1639,
    author          = {Bluetooth Special Interest Group},
    title           = {Bluetooth Specification Version 4.0},
    volume          = {Vol 3},
    date            = {2010-06-30},
    chapter         = {Part C, 2.2.2 Roles when Operating over an LE Physical Channel},
    pages           = {S. 278--279 (PDF S. 1638--1639)},
    url             = {https://www.bluetooth.com/specifications/specs/core-specification-4-0/}
}

@inbook{BtSpec4.0_1695-1697,
    author          = {Bluetooth Special Interest Group},
    title           = {Bluetooth Specification Version 4.0},
    volume          = {Vol 3},
    date            = {2010-06-30},
    chapter         = {Part C, 9.1 Broadcast Mode and Observation Procedure},
    pages           = {S. 335--337 (PDF S. 1695--1697)},
    url             = {https://www.bluetooth.com/specifications/specs/core-specification-4-0/}
}

@inbook{BtSpec4.0_1697,
    author          = {Bluetooth Special Interest Group},
    title           = {Bluetooth Specification Version 4.0},
    volume          = {Vol 3},
    date            = {2010-06-30},
    chapter         = {Part C, 9.2 Discovery Modes and Procedures},
    pages           = {S. 337 (PDF S. 1697)},
    url             = {https://www.bluetooth.com/specifications/specs/core-specification-4-0/}
}

@inbook{BtSpec4.0_1704-1718,
    author          = {Bluetooth Special Interest Group},
    title           = {Bluetooth Specification Version 4.0},
    volume          = {Vol 3},
    date            = {2010-06-30},
    chapter         = {Part C, 9.3 Connection Modes and Procedures},
    pages           = {S. 344--359 (PDF S. 1704--1718)},
    url             = {https://www.bluetooth.com/specifications/specs/core-specification-4-0/}
}

@inbook{BtSpec4.2_2060-2062,
    author          = {Bluetooth Special Interest Group},
    title           = {Bluetooth Specification Version 4.2},
    volume          = {Vol 3},
    date            = {2014-12-02},
    chapter         = {Part C, 9.4 Bonding Modes and Procedures},
    pages           = {S. 368--370 (PDF S. 2060--2062)},
    url             = {https://www.bluetooth.com/specifications/specs/core-specification-4-2/}
}

@inbook{BtSpec4.2_2576,
    author          = {Bluetooth Special Interest Group},
    title           = {Bluetooth Specification Version 4.2},
    volume          = {Vol 6},
    date            = {2014-12-02},
    chapter         = {Part B, 1.3.1 Public Device Address},
    pages           = {S. 33 (PDF S. 2576)},
    url             = {https://www.bluetooth.com/specifications/specs/core-specification-4-2/}
}

@inbook{BtSpec4.2_2287,
    author          = {Bluetooth Special Interest Group},
    title           = {Bluetooth Specification Version 4.2},
    volume          = {Vol 3},
    date            = {2014-12-02},
    chapter         = {Part H, 2.2.2 Random Address Hash function ah},
    pages           = {S. 595 (PDF S. 2287)},
    url             = {https://www.bluetooth.com/specifications/specs/core-specification-4-2/}
}

@inbook{BtSpec4.2_2577-2579,
    author          = {Bluetooth Special Interest Group},
    title           = {Bluetooth Specification Version 4.2},
    volume          = {Vol 6},
    date            = {2014-12-02},
    chapter         = {Part B, 1.3.2 Random Device Address},
    pages           = {S. 34--36 (PDF S. 2577--2579)},
    url             = {https://www.bluetooth.com/specifications/specs/core-specification-4-2/}
}

@inbook{BtSpec4.2_2078-2079,
    author          = {Bluetooth Special Interest Group},
    title           = {Bluetooth Specification Version 4.2},
    volume          = {Vol 3},
    date            = {2014-12-02},
    chapter         = {Part C, 10.7.3 Privacy Feature in a Broadcaster, 10.7.4 Privacy Feature in an Observer},
    pages           = {S. 386--387 (PDF S. 2078--2079)},
    url             = {https://www.bluetooth.com/specifications/specs/core-specification-4-2/}
}

@inbook{BtSpec4.2_2077,
    author          = {Bluetooth Special Interest Group},
    title           = {Bluetooth Specification Version 4.2},
    volume          = {Vol 3},
    date            = {2014-12-02},
    chapter         = {Part C, 10.7.1 Privacy Feature in a Peripheral},
    pages           = {S. 385 (PDF S. 2077)},
    url             = {https://www.bluetooth.com/specifications/specs/core-specification-4-2/}
}

@inbook{BtSpec4.2_2078,
    author          = {Bluetooth Special Interest Group},
    title           = {Bluetooth Specification Version 4.2},
    volume          = {Vol 3},
    date            = {2014-12-02},
    chapter         = {Part C, 10.7.2 Privacy Feature in a Central},
    pages           = {S. 386 (PDF S. 2078)},
    url             = {https://www.bluetooth.com/specifications/specs/core-specification-4-2/}
}

@inbook{BtSpec4.0_1835,
    author          = {Bluetooth Special Interest Group},
    title           = {Bluetooth Specification Version 4.0},
    volume          = {Vol 3},
    date            = {2010-06-30},
    chapter         = {Part F, 3.1 Introduction},
    pages           = {S. 475 (PDF S. 1835)},
    url             = {https://www.bluetooth.com/specifications/specs/core-specification-4-0/}
}

@inbook{BtSpec4.0_1854-1855,
    author          = {Bluetooth Special Interest Group},
    title           = {Bluetooth Specification Version 4.0},
    volume          = {Vol 3},
    date            = {2010-06-30},
    chapter         = {Part F, 3.4.4.3 Read Request, 3.4.4.4 Read Response},
    pages           = {S. 494--495 (PDF S. 1854--1855)},
    url             = {https://www.bluetooth.com/specifications/specs/core-specification-4-0/}
}

@inbook{BtSpec4.0_1861-1863,
    author          = {Bluetooth Special Interest Group},
    title           = {Bluetooth Specification Version 4.0},
    volume          = {Vol 3},
    date            = {2010-06-30},
    chapter         = {Part F, 3.4.5.1 Write Request, 3.4.5.2 Write Response},
    pages           = {S. 501--503 (PDF S. 1861--1863)},
    url             = {https://www.bluetooth.com/specifications/specs/core-specification-4-0/}
}

@inbook{BtSpec4.0_1888-1889,
    author          = {Bluetooth Special Interest Group},
    title           = {Bluetooth Specification Version 4.0},
    volume          = {Vol 3},
    date            = {2010-06-30},
    chapter         = {Part G, 2.5 Attribute Protocol},
    pages           = {S. 528--529 (PDF S. 1888--1889)},
    url             = {https://www.bluetooth.com/specifications/specs/core-specification-4-0/}
}

@inbook{BtSpec4.0_fig_1892,
    author          = {Bluetooth Special Interest Group},
    title           = {Bluetooth Specification Version 4.0},
    volume          = {Vol 3},
    date            = {2010-06-30},
    chapter         = {Part G, 2.6.1 Overview, Figure 2.5},
    pages           = {S. 532 (PDF S. 1892)},
    url             = {https://www.bluetooth.com/specifications/specs/core-specification-4-0/}
}

@inbook{BtSpec4.0_2285,
    author          = {Bluetooth Special Interest Group},
    title           = {Bluetooth Specification Version 4.0},
    volume          = {Vol 6},
    date            = {2010-06-30},
    chapter         = {Part E, 1 Encryption and Authentication Overview},
    pages           = {S. 121 (PDF S. 2285)},
    url             = {https://www.bluetooth.com/specifications/specs/core-specification-4-0/}
}

@inbook{BtSpec4.0_1965,
    author          = {Bluetooth Special Interest Group},
    title           = {Bluetooth Specification Version 4.0},
    volume          = {Vol 3},
    date            = {2010-06-30},
    chapter         = {Part H, 2.3.2 IO Capabilities, Table 2.1},
    pages           = {S. 605 (PDF S. 1965)},
    url             = {https://www.bluetooth.com/specifications/specs/core-specification-4-0/}
}

@inbook{BtSpec4.0_1965_b,
    author          = {Bluetooth Special Interest Group},
    title           = {Bluetooth Specification Version 4.0},
    volume          = {Vol 3},
    date            = {2010-06-30},
    chapter         = {Part H, 2.3.2 IO Capabilities, Table 2.2},
    pages           = {S. 605 (PDF S. 1965)},
    url             = {https://www.bluetooth.com/specifications/specs/core-specification-4-0/}
}

@inbook{BtSpec4.2_248,
    author          = {Bluetooth Special Interest Group},
    title           = {Bluetooth Specification Version 4.2},
    volume          = {Vol 1},
    date            = {2014-12-02},
    chapter         = {Part A, 5.4.1 Association Models},
    pages           = {S. 93 (PDF S. 248)},
    url             = {https://www.bluetooth.com/specifications/specs/core-specification-4-2/}
}

@inbook{BtSpec4.2_tab_2302-2303,
    author          = {Bluetooth Special Interest Group},
    title           = {Bluetooth Specification Version 4.2},
    volume          = {Vol 3},
    date            = {2014-12-02},
    chapter         = {Part H, 2.3.5.1 Selecting Key Generation Method, Table 2.8},
    pages           = {S. 609 (PDF S. 2301)},
    url             = {https://www.bluetooth.com/specifications/specs/core-specification-4-2/}
}

@inbook{BtSpec4.2_2589-2590,
    author          = {Bluetooth Special Interest Group},
    title           = {Bluetooth Specification Version 4.2},
    volume          = {Vol 6},
    date            = {2014-12-02},
    chapter         = {Part B, 2.4 Data Channel PDU},
    pages           = {S. 46--47 (PDF S. 2589--2590)},
    url             = {https://www.bluetooth.com/specifications/specs/core-specification-4-2/}
}

@inbook{BtSpec4.2_244-245,
    author          = {Bluetooth Special Interest Group},
    title           = {Bluetooth Specification Version 4.2},
    volume          = {Vol 1},
    date            = {2014-12-02},
    chapter         = {Part A, 5.2.4.1 Numeric Comparison},
    pages           = {S. 89--90 (PDF S. 244--245)},
    url             = {https://www.bluetooth.com/specifications/specs/core-specification-4-2/}
}

@inbook{BtSpec4.2_245,
    author          = {Bluetooth Special Interest Group},
    title           = {Bluetooth Specification Version 4.2},
    volume          = {Vol 1},
    date            = {2014-12-02},
    chapter         = {Part A, 5.2.4.2 Just Works},
    pages           = {S. 90 (PDF S. 245)},
    url             = {https://www.bluetooth.com/specifications/specs/core-specification-4-2/}
}

@inbook{BtSpec4.2_246,
    author          = {Bluetooth Special Interest Group},
    title           = {Bluetooth Specification Version 4.2},
    volume          = {Vol 1},
    date            = {2014-12-02},
    chapter         = {Part A, 5.2.4.3 Out of Band},
    pages           = {S. 91 (PDF S. 246)},
    url             = {https://www.bluetooth.com/specifications/specs/core-specification-4-2/}
}

@inbook{BtSpec4.2_246-247,
    author          = {Bluetooth Special Interest Group},
    title           = {Bluetooth Specification Version 4.2},
    volume          = {Vol 1},
    date            = {2014-12-02},
    chapter         = {Part A, 5.2.4.4 Passkey Entry},
    pages           = {S. 91--92 (PDF S. 246--247)},
    url             = {https://www.bluetooth.com/specifications/specs/core-specification-4-2/}
}

@inbook{BtSpec4.2_2304,
    author          = {Bluetooth Special Interest Group},
    title           = {Bluetooth Specification Version 4.2},
    volume          = {Vol 3},
    date            = {2014-12-02},
    chapter         = {Part H, 2.3.5.3 LE Legacy Pairing - Passkey Entry},
    pages           = {S. 612 (PDF S. 2304)},
    url             = {https://www.bluetooth.com/specifications/specs/core-specification-4-2/}
}

@inbook{BtSpec4.2_2304_b,
    author          = {Bluetooth Special Interest Group},
    title           = {Bluetooth Specification Version 4.2},
    volume          = {Vol 3},
    date            = {2014-12-02},
    chapter         = {Part H, 2.3.5.2 LE Legacy Pairing - Just Works},
    pages           = {S. 612 (PDF S. 2304)},
    url             = {https://www.bluetooth.com/specifications/specs/core-specification-4-2/}
}

@inbook{BtSpec4.2_2288,
    author          = {Bluetooth Special Interest Group},
    title           = {Bluetooth Specification Version 4.2},
    volume          = {Vol 3},
    date            = {2014-12-02},
    chapter         = {Part H, 2.2.3 Confirm value generation function c1 for LE Legacy Pairing},
    pages           = {S. 596 (PDF S. 2288)},
    url             = {https://www.bluetooth.com/specifications/specs/core-specification-4-2/}
}

@inbook{BtSpec4.2_2290,
    author          = {Bluetooth Special Interest Group},
    title           = {Bluetooth Specification Version 4.2},
    volume          = {Vol 3},
    date            = {2014-12-02},
    chapter         = {Part H, 2.2.4 Key generation function s1 for LE Legacy Pairing},
    pages           = {S. 598 (PDF S. 2290)},
    url             = {https://www.bluetooth.com/specifications/specs/core-specification-4-2/}
}

@inbook{BtSpec4.2_2305-2306,
    author          = {Bluetooth Special Interest Group},
    title           = {Bluetooth Specification Version 4.2},
    volume          = {Vol 3},
    date            = {2014-12-02},
    chapter         = {Part H, 2.3.5.5 LE Legacy Pairing Phase 2},
    pages           = {S. 613--614 (PDF S. 2305--2306)},
    url             = {https://www.bluetooth.com/specifications/specs/core-specification-4-2/}
}

@inbook{BtSpec4.2_2307,
    author          = {Bluetooth Special Interest Group},
    title           = {Bluetooth Specification Version 4.2},
    volume          = {Vol 3},
    date            = {2014-12-02},
    chapter         = {Part H, 2.3.5.6.1 Public Key Exchange},
    pages           = {S. 615 (PDF S. 2307)},
    url             = {https://www.bluetooth.com/specifications/specs/core-specification-4-2/}
}

@inbook{BtSpec4.2_2309,
    author          = {Bluetooth Special Interest Group},
    title           = {Bluetooth Specification Version 4.2},
    volume          = {Vol 3},
    date            = {2014-12-02},
    chapter         = {Part H, 2.3.5.6.2 Authentication Stage 1 – Just Works or Numeric Comparison},
    pages           = {S. 617 (PDF S. 2309)},
    url             = {https://www.bluetooth.com/specifications/specs/core-specification-4-2/}
}

@inbook{BtSpec4.2_2311,
    author          = {Bluetooth Special Interest Group},
    title           = {Bluetooth Specification Version 4.2},
    volume          = {Vol 3},
    date            = {2014-12-02},
    chapter         = {Part H, 2.3.5.6.3 Authentication Stage 1 – Passkey Entry},
    pages           = {S. 619 (PDF S. 2311)},
    url             = {https://www.bluetooth.com/specifications/specs/core-specification-4-2/}
}

@inbook{BtSpec4.2_2312-2313,
    author          = {Bluetooth Special Interest Group},
    title           = {Bluetooth Specification Version 4.2},
    volume          = {Vol 3},
    date            = {2014-12-02},
    chapter         = {Part H, 2.3.5.6.4 Authentication Stage 1 – Out of Band},
    pages           = {S. 620--621 (PDF S. 2312--2313)},
    url             = {https://www.bluetooth.com/specifications/specs/core-specification-4-2/}
}

@inbook{BtSpec4.2_2292-2293,
    author          = {Bluetooth Special Interest Group},
    title           = {Bluetooth Specification Version 4.2},
    volume          = {Vol 3},
    date            = {2014-12-02},
    chapter         = {Part H, 2.2.7 LE Secure Connections Key Generation Function f5},
    pages           = {S. 600--601 (PDF S. 2292--2293)},
    url             = {https://www.bluetooth.com/specifications/specs/core-specification-4-2/}
}

@inbook{BtSpec4.2_2314,
    author          = {Bluetooth Special Interest Group},
    title           = {Bluetooth Specification Version 4.2},
    volume          = {Vol 3},
    date            = {2014-12-02},
    chapter         = {Part H, 2.3.5.6.5 Authentication Stage 2 and Long Term Key Calculation},
    pages           = {S. 622 (PDF S. 2314)},
    url             = {https://www.bluetooth.com/specifications/specs/core-specification-4-2/}
}

@inbook{BtSpec4.2_2305,
    author          = {Bluetooth Special Interest Group},
    title           = {Bluetooth Specification Version 4.2},
    volume          = {Vol 3},
    date            = {2014-12-02},
    chapter         = {Part H, 2.3.5.4 Out of Band},
    pages           = {S. 613 (PDF S. 2305)},
    url             = {https://www.bluetooth.com/specifications/specs/core-specification-4-2/}
}

@inbook{BtSpec4.2_248_b,
    author          = {Bluetooth Special Interest Group},
    title           = {Bluetooth Specification Version 4.2},
    volume          = {Vol 1},
    date            = {2014-12-02},
    chapter         = {Part A, 5.4 LE SECURITY},
    pages           = {S. 613 (PDF S. 2305)},
    url             = {https://www.bluetooth.com/specifications/specs/core-specification-4-2/}
}

@inbook{BtSpec5.2_277,
    author          = {Bluetooth Special Interest Group},
    title           = {Bluetooth Core Specification Version 5.2},
    volume          = {Vol 1},
    date            = {2019-12-31},
    chapter         = {Part A, 5.4 LE Security},
    pages           = {S. 277 (PDF S. 277)},
    url             = {https://www.bluetooth.com/specifications/specs/core-specification/}
}

@inbook{BtSpec4.0_196,
    author          = {Bluetooth Special Interest Group},
    title           = {Bluetooth Specification Version 4.0},
    volume          = {Vol 1},
    date            = {2010-06-30},
    chapter         = {Part A, 5.2.3 Encryption},
    pages           = {S. 90 (PDF S. 196)},
    url             = {https://www.bluetooth.com/specifications/specs/core-specification-4-0/}
}

@online{AndroidAppLayerSec,
    author          = {Open Handset Alliance},
    title           = {Bluetooth low energy},
    url             = {https://developer.android.com/guide/topics/connectivity/bluetooth-le},
    urldate         = {2021-06-28}
}

@online{AndroidCoC,
    author          = {Open Handset Alliance},
    title           = {Bluetooth LE Connection Oriented Channels (CoC)},
    url             = {https://developer.android.com/about/versions/10/features#bluetooth-le-coc},
    urldate         = {2021-07-02}
}

@online{iOS_coreBluetooth,
    author          = {Apple},
    title           = {Core Bluetooth},
    url             = {https://developer.apple.com/documentation/corebluetooth},
    urldate         = {2021-07-02}
}

@online{iOS_CBL2CAPChannel,
    author          = {Apple},
    title           = {CBL2CAPChannel},
    url             = {https://developer.apple.com/documentation/corebluetooth/cbl2capchannel},
    urldate         = {2021-07-02}
}

@inproceedings {RoyalHollowayUniversity,
    author          = {Pallavi Sivakumaran and Jorge Blasco},
    title           = {A Study of the Feasibility of Co-located App Attacks against {BLE} and a Large-Scale Analysis of the Current Application-Layer Security Landscape},
    booktitle       = {28th USENIX Security Symposium (USENIX Security 19)},
    year            = {2019},
    isbn            = {978-1-939133-06-9},
    address         = {Santa Clara, CA},
    pages           = {3--5},
    url             = {https://www.usenix.org/conference/usenixsecurity19/presentation/sivakumaran},
    publisher       = {USENIX Association},
    month           = aug,
    urldate         = {2021-06-28}
}

@inbook{BtSpec4.0_fig_124,
    author          = {Bluetooth Special Interest Group},
    title           = {Bluetooth Specification Version 4.0},
    volume          = {Vol 1},
    date            = {2010-06-30},
    chapter         = {Part A, 1 General Description, Figure 1.1, Figure 1.2},
    pages           = {S. 18 (PDF S. 124)},
    url             = {https://www.bluetooth.com/specifications/specs/core-specification-4-0/}
}

@inbook{BtSpec4.0_fig_137,
    author          = {Bluetooth Special Interest Group},
    title           = {Bluetooth Specification Version 4.0},
    volume          = {Vol 1},
    date            = {2010-06-30},
    chapter         = {Part A, 2 Core System Architecture, Figure 2.1},
    pages           = {S. 31 (PDF S. 137)},
    url             = {https://www.bluetooth.com/specifications/specs/core-specification-4-0/}
}

@inbook{BtSpec4.0_fig_1958,
    author          = {Bluetooth Special Interest Group},
    title           = {Bluetooth Specification Version 4.0},
    volume          = {Vol 3},
    date            = {2010-06-30},
    chapter         = {Part H, 1.1 Scope, Figure 1.1},
    pages           = {S. 598 (PDF S. 1958)},
    url             = {https://www.bluetooth.com/specifications/specs/core-specification-4-0/}
}

@inbook{BtSpec4.2_fig_1747,
    author          = {Bluetooth Special Interest Group},
    title           = {Bluetooth Specification Version 4.2},
    volume          = {Vol 3},
    date            = {2014-12-02},
    chapter         = {Part H, 3.4 Connection-Oriented Channels in LE Credit Based Flow Controle Mode, Figure 3.6},
    pages           = {S. 55 (PDF S. 1747)},
    url             = {https://www.bluetooth.com/specifications/specs/core-specification-4-2/}
}

@inbook{BtSpec4.2_fig_1737,
    author          = {Bluetooth Special Interest Group},
    title           = {Bluetooth Specification Version 4.2},
    volume          = {Vol 3},
    date            = {2014-12-02},
    chapter         = {Part H, 3.1 Connection-Oriented Channels in Basic L2CAP Mode, Figure 3.1},
    pages           = {S. 45 (PDF S. 1737)},
    url             = {https://www.bluetooth.com/specifications/specs/core-specification-4-2/}
}

@inbook{BtSpec4.0_138,
    author          = {Bluetooth Special Interest Group},
    title           = {Bluetooth Specification Version 4.0},
    volume          = {Vol 1},
    date            = {2010-06-30},
    chapter         = {Part A, 2 Core System Architecture},
    pages           = {S. 32 (PDF S. 138)},
    url             = {https://www.bluetooth.com/specifications/specs/core-specification-4-0/}
}

@inbook{BtSpec4.0_1390,
    author          = {Bluetooth Special Interest Group},
    title           = {Bluetooth Specification Version 4.0},
    volume          = {Vol 3},
    date            = {2010-06-30},
    chapter         = {Part A, 1.1 L2CAP Features},
    pages           = {S. 30 (PDF S. 1390)},
    url             = {https://www.bluetooth.com/specifications/specs/core-specification-4-0/}
}

@inbook{BtSpec4.2_185,
    author          = {Bluetooth Special Interest Group},
    title           = {Bluetooth Specification Version 4.2},
    volume          = {Vol 1},
    date            = {2014-12-02},
    chapter         = {Part A, 2.1.1 Host Architectural Blocks},
    pages           = {S. 30 (PDF S. 185)},
    url             = {https://www.bluetooth.com/specifications/specs/core-specification-4-2/}
}

@inbook{BtSpec4.2_1725-1726,
    author          = {Bluetooth Special Interest Group},
    title           = {Bluetooth Specification Version 4.2},
    volume          = {Vol 3},
    date            = {2014-12-02},
    chapter         = {Part A, 1.4 Terminology},
    pages           = {S. 33--34 (PDF S. 1725--1726)},
    url             = {https://www.bluetooth.com/specifications/specs/core-specification-4-2/}
}

@inbook{BtSpec4.2_1780,
    author          = {Bluetooth Special Interest Group},
    title           = {Bluetooth Specification Version 4.2},
    volume          = {Vol 3},
    date            = {2014-12-02},
    chapter         = {Part A, 4.24 LE Flow Control Credit (Code 0x16)},
    pages           = {S. 88 (PDF S. 1780)},
    url             = {https://www.bluetooth.com/specifications/specs/core-specification-4-2/}
}

@inbook{BtSpec4.2_1727,
    author          = {Bluetooth Special Interest Group},
    title           = {Bluetooth Specification Version 4.2},
    volume          = {Vol 3},
    date            = {2014-12-02},
    chapter         = {Part A, 1.4 Terminology, Table 1.1},
    pages           = {S. 35 (PDF S. 1727)},
    url             = {https://www.bluetooth.com/specifications/specs/core-specification-4-2/}
}

@inbook{BtSpec4.0_1391,
    author          = {Bluetooth Special Interest Group},
    title           = {Bluetooth Specification Version 4.0},
    volume          = {Vol 3},
    date            = {2010-06-30},
    chapter         = {Part A, 1.1 L2CAP Features, Figure 1.1},
    pages           = {S. 31 (PDF S. 1391)},
    url             = {https://www.bluetooth.com/specifications/specs/core-specification-4-0/}
}

@inbook{BtSpec4.0_181,
    author          = {Bluetooth Special Interest Group},
    title           = {Bluetooth Specification Version 4.0},
    volume          = {Vol 1},
    date            = {2010-06-30},
    chapter         = {Part A, 4.1.2 LE Topology},
    pages           = {S. 75 (PDF S. 181)},
    url             = {https://www.bluetooth.com/specifications/specs/core-specification-4-0/}
}

@inbook{BtSpec4.0_127,
    author          = {Bluetooth Special Interest Group},
    title           = {Bluetooth Specification Version 4.0},
    volume          = {Vol 1},
    date            = {2010-06-30},
    chapter         = {Part A, 1.2 Overview of Bluetooth Low Energy Operation},
    pages           = {S. 21 (PDF S. 127)},
    url             = {https://www.bluetooth.com/specifications/specs/core-specification-4-0/}
}

@inbook{BtSpec4.0_fig_145,
    author          = {Bluetooth Special Interest Group},
    title           = {Bluetooth Specification Version 4.0},
    volume          = {Vol 1},
    date            = {2010-06-30},
    chapter         = {Part A, 3 Data Transport Architecture, Figure 3.1},
    pages           = {S. 39 (PDF S. 145)},
    url             = {https://www.bluetooth.com/specifications/specs/core-specification-4-0/}
}

@inbook{BtSpec4.0_fig_151,
    author          = {Bluetooth Special Interest Group},
    title           = {Bluetooth Specification Version 4.0},
    volume          = {Vol 1},
    date            = {2010-06-30},
    chapter         = {Part A, 3.2 Transport Architecture Entities, Figure 3.3},
    pages           = {S. 45 (PDF S. 151)},
    url             = {https://www.bluetooth.com/specifications/specs/core-specification-4-0/}
}

@book{Bless2005_19-20,
    author          = {Roland Bless and Stefan Mink and Erik-Oliver Blaß and Michael Conrad and Hans-Joachim Hof and Kendy Kutzner and Marcus Schöller},
    title           = {Sichere Netzwerkkommunikation},
    subtitle        = {Grundlagen, Protokolle und Architekturen},
    edition         = {1},
    year            = {2005},
    chapter         = {2.6 Sicherheitsziele in Netzwerken},
    pages           = {19--20},
    doi             = {https://doi.org/10.1007/3-540-27896-6},
    isbn            = {978-3-540-27896-2}
}

@book{Bless2005_19,
    author          = {Roland Bless and Stefan Mink and Erik-Oliver Blaß and Michael Conrad and Hans-Joachim Hof and Kendy Kutzner and Marcus Schöller},
    title           = {Sichere Netzwerkkommunikation},
    subtitle        = {Grundlagen, Protokolle und Architekturen},
    edition         = {1},
    year            = {2005},
    chapter         = {2.6 Sicherheitsziele in Netzwerken},
    pages           = {19},
    doi             = {https://doi.org/10.1007/3-540-27896-6},
    isbn            = {978-3-540-27896-2}
}

@book{Baun2019_36-40,
    author          = {Christian Baun},
    title           = {Computer Networks / Computernetze},
    subtitle        = {Bilingual Edition: English – German / Zweisprachige Ausgabe: Englisch – Deutsch},
    edition         = {1},
    year            = {2019},
    chapter         = {4 Protokolle und Schichtenmodelle},
    pages           = {36--40},
    doi             = {https://doi.org/10.1007/978-3-658-26356-0},
    isbn            = {978-3-658-26356-0}
}

@inbook{BtSpec4.0_164,
    author          = {Bluetooth Special Interest Group},
    title           = {Bluetooth Specification Version 4.0},
    volume          = {Vol 1},
    date            = {2010-06-30},
    chapter         = {Part A, 3.4 Physical Links},
    pages           = {S. 58 (PDF S. 164)},
    url             = {https://www.bluetooth.com/specifications/specs/core-specification-4-0/}
}

@inbook{BtSpec_fig_2208a,
    author          = {Bluetooth Special Interest Group},
    title           = {Bluetooth Specification Version 4.0},
    volume          = {Vol 6},
    date            = {2010-06-30},
    chapter         = {Part B, 2.4 Data Channel PDU, Figure 2.12},
    pages           = {S. 44 (PDF S. 2208)},
    url             = {https://www.bluetooth.com/specifications/specs/core-specification-4-0/}
}

@inbook{BtSpec_fig_2201,
    author          = {Bluetooth Special Interest Group},
    title           = {Bluetooth Specification Version 4.0},
    volume          = {Vol 6},
    date            = {2010-06-30},
    chapter         = {Part B, 2.3 Advertising Channel PDU, Figure 2.2},
    pages           = {S. 37 (PDF S. 2201)},
    url             = {https://www.bluetooth.com/specifications/specs/core-specification-4-0/}
}

@inbook{BtSpec_fig_2202,
    author          = {Bluetooth Special Interest Group},
    title           = {Bluetooth Specification Version 4.0},
    volume          = {Vol 6},
    date            = {2010-06-30},
    chapter         = {Part B, 2.3 Advertising Channel PDU, Figure 2.3},
    pages           = {S. 38 (PDF S. 2202)},
    url             = {https://www.bluetooth.com/specifications/specs/core-specification-4-0/}
}

@inbook{BtSpec4.0_fig_2200,
    author          = {Bluetooth Special Interest Group},
    title           = {Bluetooth Specification Version 4.0},
    volume          = {Vol 6},
    date            = {2010-06-30},
    chapter         = {Part B, 2.1 Packet Format, Figure 2.1},
    pages           = {S. 38 (PDF S. 2202)},
    url             = {https://www.bluetooth.com/specifications/specs/core-specification-4-0/}
}

@inbook{BtSpec_fig_2208b,
    author          = {Bluetooth Special Interest Group},
    title           = {Bluetooth Specification Version 4.0},
    volume          = {Vol 6},
    date            = {2010-06-30},
    chapter         = {Part B, 2.4 Data Channel PDU, Figure 2.13},
    pages           = {S. 44 (PDF S. 2208)},
    url             = {https://www.bluetooth.com/specifications/specs/core-specification-4-0/}
}

@inbook{BtSpec4.0_fig_1888,
    author          = {Bluetooth Special Interest Group},
    title           = {Bluetooth Specification Version 4.0},
    volume          = {Vol 3},
    date            = {2010-06-30},
    chapter         = {Part G, 2.5.1 Overview, Figure 2.3},
    pages           = {S. 528 (PDF S. 1888)},
    url             = {https://www.bluetooth.com/specifications/specs/core-specification-4-0/}
}

@inbook{BtSpec4.0_fig_1889,
    author          = {Bluetooth Special Interest Group},
    title           = {Bluetooth Specification Version 4.0},
    volume          = {Vol 3},
    date            = {2010-06-30},
    chapter         = {Part G, 2.5.1 Overview, Figure 2.4},
    pages           = {S. 529 (PDF S. 1889)},
    url             = {https://www.bluetooth.com/specifications/specs/core-specification-4-0/}
}

@inbook{BtSpec4.0_166-167,
    author          = {Bluetooth Special Interest Group},
    title           = {Bluetooth Specification Version 4.0},
    volume          = {Vol 1},
    date            = {2010-06-30},
    chapter         = {Part A, 3.4.3 LE Links Supported by the LE Physical Channels},
    pages           = {S. 60--61 (PDF S. 166--167)},
    url             = {https://www.bluetooth.com/specifications/specs/core-specification-4-0/}
}

@online{BtDataTransfer,
    author          = {Bluetooth Special Interest Group},
    title           = {Erfahren Sie Alles Über Bluetooth Datenübertragung},
    url             = {https://www.bluetooth.com/de/learn-about-bluetooth/solutions/data-transfer/},
    urldate         = {2021-07-01}
}

@techreport{RFC8446_24-33,
    author          = {Eric Rescorla},
    title           = {{The Transport Layer Security (TLS) Protocol Version 1.3}},
    institution     = {RFC Editor},
	howpublished    = {RFC 8446},
	publisher       = {RFC Editor},
	doi             = {10.17487/RFC8446},
	url             = {https://rfc-editor.org/rfc/rfc8446.txt},
	pages           = {S. 24--33, S. 61--62, S. 77--78},
	year            = 2018,
	month           = aug,
    urldate         = {2021-07-04}
}

@techreport{RFC8996,
    author          = {Kathleen Moriarty and Stephen Farrell},
    title           = {{Deprecating TLS 1.0 and TLS 1.1}},
    institution     = {RFC Editor},
	howpublished    = {RFC 8996},
	publisher       = {RFC Editor},
	doi             = {10.17487/RFC8996},
	url             = {https://datatracker.ietf.org/doc/rfc8996/},
	year            = 2021,
	month           = mar,
    urldate         = {2021-07-05}
}

@manual{ESP32_6,
    author          = {Espressif Systems (Shanghai) Co., Ltd.},
    title           = {ESP32-­WROOM­-32 Datasheet},
    year            = {2021},
    version         = {3.1},
    pages           = {6},
    url             = {https://www.espressif.com/sites/default/files/documentation/esp32-wroom-32_datasheet_en.pdf},
    urldate         = {2021-07-05}
}

@online{ESPIDF,
    author          = {Espressif Systems (Shanghai) Co., Ltd.},
    title           = {ESP-IDF Programming Guide},
    url             = {https://docs.espressif.com/projects/esp-idf/en/latest/esp32/},
    urldate         = {2021-07-05}
}

@online{nimBLE,
    author          = {Apache Software Foundation},
    title           = {Repository zu apache/mynewt-nimble}, 
    url             = {https://github.com/apache/mynewt-nimble},
    urldate         = {2021-07-05}
}

@online{android_ssl,
    author          = {Open Handset Alliance},
    title           = {javax.net.ssl}, 
    url             = {https://developer.android.com/reference/javax/net/ssl/package-summary?hl=en},
    urldate         = {2021-07-05}
}

@online{android_le,
    author          = {Open Handset Alliance},
    title           = {android.bluetooth.le},
    url             = {https://developer.android.com/reference/android/bluetooth/le/package-summary?hl=en},
    urldate         = {2021-07-05}
}

@online{android_ssl_context,
    author          = {Open Handset Alliance},
    title           = {SSLContext},
    url             = {https://developer.android.com/reference/javax/net/ssl/SSLContext},
    urldate         = {2021-07-05}
}

@online{ArmMbedCoreFeatures,
    author          = {Arm Limited},
    title           = {Core Features},
    url             = {https://tls.mbed.org/core-features},
    urldate         = {2021-07-05}
}